<record><leader>00000cas a2200000 a 4500</leader><controlfield tag="001">13110225</controlfield><controlfield tag="008">860205d18851909coudn ne      0    0eng d</controlfield><datafield ind1=" " ind2=" " tag="010"><subfield code="a">sn 85067440 </subfield></datafield><datafield ind1=" " ind2=" " tag="040"><subfield code="a">KSH</subfield><subfield code="b">eng</subfield><subfield code="c">KSH</subfield><subfield code="d">NPT</subfield><subfield code="d">CNQ</subfield><subfield code="d">OCL</subfield><subfield code="d">CRL</subfield><subfield code="d">OCLCQ</subfield><subfield code="d">OCLCF</subfield><subfield code="d">OCLCO</subfield></datafield><datafield ind1="1" ind2=" " tag="029"><subfield code="a">AU@</subfield><subfield code="b">000022172059</subfield></datafield><datafield ind1=" " ind2=" " tag="042"><subfield code="a">msc</subfield></datafield><datafield ind1=" " ind2=" " tag="043"><subfield code="a">n-us-co</subfield></datafield><datafield ind1="0" ind2=" " tag="130"><subfield code="a">Aspen daily times (Aspen, Colo. : 1885)</subfield></datafield><datafield ind1="1" ind2="0" tag="245"><subfield code="a">Aspen daily times.</subfield></datafield><datafield ind1="1" ind2="3" tag="246"><subfield code="a">Aspen times</subfield></datafield><datafield ind1=" " ind2=" " tag="260"><subfield code="a">Aspen, Colo. :</subfield><subfield code="b">Times Pub. Co.,</subfield><subfield code="c">1885-1909.</subfield></datafield><datafield ind1=" " ind2=" " tag="300"><subfield code="a">v.</subfield></datafield><datafield ind1=" " ind2=" " tag="310"><subfield code="a">Daily (except Mon. and days following legal holidays)</subfield></datafield><datafield ind1="0" ind2=" " tag="362"><subfield code="a">Vol. 1, no. 1 (Feb. 19, 1885)-v. 9, no. 334 (June 5, 1909).</subfield></datafield><datafield ind1=" " ind2=" " tag="530"><subfield code="a">Available on microfilm from the Colorado Historical Society.</subfield></datafield><datafield ind1=" " ind2="0" tag="651"><subfield code="a">Aspen (Colo.)</subfield><subfield code="v">Newspapers.</subfield></datafield><datafield ind1=" " ind2="0" tag="651"><subfield code="a">Pitkin County (Colo.)</subfield><subfield code="v">Newspapers.</subfield></datafield><datafield ind1=" " ind2="7" tag="655"><subfield code="a">Newspapers.</subfield><subfield code="2">fast</subfield><subfield code="0">(OCoLC)fst01423814</subfield></datafield><datafield ind1=" " ind2="7" tag="651"><subfield code="a">Colorado</subfield><subfield code="z">Aspen.</subfield><subfield code="2">fast</subfield><subfield code="0">(OCoLC)fst01207936</subfield></datafield><datafield ind1=" " ind2="7" tag="651"><subfield code="a">Colorado</subfield><subfield code="z">Pitkin County.</subfield><subfield code="2">fast</subfield><subfield code="0">(OCoLC)fst01231263</subfield></datafield><datafield ind1=" " ind2=" " tag="752"><subfield code="a">United States</subfield><subfield code="b">Colorado</subfield><subfield code="c">Pitkin</subfield><subfield code="d">Aspen.</subfield></datafield><datafield ind1="0" ind2=" " tag="775"><subfield code="t">Aspen weekly times</subfield><subfield code="w">(DLC)sn 90051123</subfield></datafield><datafield ind1="0" ind2="5" tag="780"><subfield code="t">Aspen tribune</subfield><subfield code="w">(DLC)sn 90051125</subfield></datafield><datafield ind1="0" ind2="7" tag="785"><subfield code="t">Aspen democrat (Aspen, Colo. : 1900)</subfield><subfield code="w">(DLC)sn 90051126</subfield></datafield><datafield ind1="0" ind2="7" tag="785"><subfield code="t">Aspen democrat-times</subfield><subfield code="w">(DLC)sn 90051127</subfield></datafield></record>